[gd_scene load_steps=8 format=2]

[ext_resource path="res://Scenes/Wall.tres" type="TileSet" id=1]
[ext_resource path="res://Scenes/Player.tscn" type="PackedScene" id=2]
[ext_resource path="res://Scenes/Target.tscn" type="PackedScene" id=3]
[ext_resource path="res://Scenes/Box.tscn" type="PackedScene" id=4]
[ext_resource path="res://Fonts/runescape_uf.ttf" type="DynamicFontData" id=5]

[sub_resource type="GDScript" id=1]

script/source = "extends \"res://Scripts/Level.gd\"

func add_boxes():
	boxes.append($Box1)
	boxes.append($Box2)
	boxes.append($Box3)

func level_info():
	if global.maxLevel < 7:
		global.set_max_level(7)
	set_next_level(\"res://Scenes/Level8.tscn\")
	set_music_track(2)"

[sub_resource type="DynamicFont" id=2]

size = 30
use_mipmaps = true
use_filter = true
font_data = ExtResource( 5 )
_sections_unfolded = [ "Font", "Settings" ]

[node name="Level7" type="Node2D"]

script = SubResource( 1 )

[node name="TileMap" type="TileMap" parent="." index="0"]

mode = 0
tile_set = ExtResource( 1 )
cell_size = Vector2( 64, 64 )
cell_quadrant_size = 16
cell_custom_transform = Transform2D( 1, 0, 0, 1, 0, 0 )
cell_half_offset = 2
cell_tile_origin = 0
cell_y_sort = false
cell_clip_uv = false
collision_use_kinematic = false
collision_friction = 1.0
collision_bounce = 0.0
collision_layer = 1
collision_mask = 1
occluder_light_mask = 1
format = 1
tile_data = PoolIntArray( 131077, 0, 0, 131078, 0, 0, 131079, 0, 0, 131080, 0, 0, 131081, 0, 0, 131082, 0, 0, 131083, 0, 0, 196613, 1, 0, 196614, 1, 0, 196616, 1, 0, 196617, 1, 0, 196618, 1, 0, 196619, 1, 0, 262149, 0, 0, 262150, 0, 0, 262153, 0, 0, 262154, 0, 0, 262155, 0, 0, 327685, 1, 0, 327690, 1, 0, 327691, 1, 0, 393221, 0, 0, 393226, 0, 0, 393227, 0, 0, 458757, 1, 0, 458759, 1, 0, 458763, 1, 0, 524293, 0, 0, 524299, 0, 0, 589829, 1, 0, 589830, 1, 0, 589831, 1, 0, 589832, 1, 0, 589833, 1, 0, 589834, 1, 0, 589835, 1, 0 )

[node name="Player" parent="." index="1" instance=ExtResource( 2 )]

position = Vector2( 544, 544 )

[node name="Target1" parent="." index="2" instance=ExtResource( 3 )]

position = Vector2( 480, 224 )

[node name="Target2" parent="." index="3" instance=ExtResource( 3 )]

position = Vector2( 544, 288 )

[node name="Target3" parent="." index="4" instance=ExtResource( 3 )]

position = Vector2( 608, 352 )

[node name="Box1" parent="." index="5" instance=ExtResource( 4 )]

position = Vector2( 544, 480 )

[node name="Box2" parent="." index="6" instance=ExtResource( 4 )]

position = Vector2( 608, 480 )

[node name="Box3" parent="." index="7" instance=ExtResource( 4 )]

position = Vector2( 608, 416 )

[node name="Label" type="Label" parent="." index="8"]

anchor_left = 0.0
anchor_top = 0.0
anchor_right = 0.0
anchor_bottom = 0.0
margin_left = 320.0
margin_top = 20.0
margin_right = 763.0
margin_bottom = 51.0
rect_pivot_offset = Vector2( 0, 0 )
rect_clip_content = false
mouse_filter = 2
mouse_default_cursor_shape = 0
size_flags_horizontal = 1
size_flags_vertical = 4
custom_fonts/font = SubResource( 2 )
text = "Level 7"
align = 1
percent_visible = 1.0
lines_skipped = 0
max_lines_visible = -1


